%%%% REMOTE SENSING DATA
@incollection{van2013fieldcopter,
  title={Fieldcopter: unmanned aerial systems for crop monitoring services},
  author={Van der Wal, T and Abma, B and Viguria, A and Pr{\'e}vinaire, E and Zarco-Tejada, PJ and Serruys, P and van Valkengoed, E and van der Voet, P},
  booktitle={Precision agriculture’13},
  year={2013}
}
@article{malenovsky,
	title = {Sentinels for science: {Potential} of {Sentinel}-1, -2, and -3 missions for scientific observations of ocean, cryosphere, and land},
	journal = {Remote Sensing of Environment},
	author = {Malenovský, Zbyněk and Rott, Helmut and Cihlar, Josef and Schaepman, Michael E. and García-Santos, Glenda and Fernandes, Richard and Berger, Michael},
	year = {2012},
}
@article{landsat,
	title = {Landsat-8 Operational Land Imager Design},
	journal = {Remote Sensing of Environment},
	author = {E.J. Knight, G. Kvaran},
	year = {2014},
}
@article{ROY2014154,
  title = {Landsat-8: Science and product vision for terrestrial global change research},
  journal = {Remote Sensing of Environment},
  year = {2014},
  author = {.P. Roy and M.A. Wulder and T.R. Loveland and Woodcock C.E. and R.G. Allen and M.C. Anderson and D. Helder and J.R. Irons and D.M. Johnson and R. Kennedy and T.A. Scambos and C.B. Schaaf and J.R. Schott and Y. Sheng and E.F. Vermote and A.S. Belward and R. Bindschadler and W.B. Cohen and F. Gao and J.D. Hipple and P. Hostert and J. Huntington and C.O. Justice and A. Kilic and V. Kovalskyy and Z.P. Lee and L. Lymburner and J.G. Masek and J. McCorkel and Y. Shuai and R. Trezza and J. Vogelmann and R.H. Wynne and Z. Zhu}
}
@ARTICLE{700993,
  author={W. L. {Barnes} and T. S. {Pagano} and V. V. {Salomonson}},
  journal={IEEE Transactions on Geoscience and Remote Sensing},
  title={Prelaunch characteristics of the Moderate Resolution Imaging Spectroradiometer (MODIS) on EOS-AM1},
  year={1998}
}
@ARTICLE{701081,
  author={E. {Masuoka} and A. {Fleig} and R. E. {Wolfe} and F. {Patt}},
  journal={IEEE Transactions on Geoscience and Remote Sensing},
  title={Key characteristics of MODIS data products},
  year={1998}
}



%%%% STARFM - REFLECTANCE FUSION MODELS
@ARTICLE{STARFM,
  author={{Feng Gao} and J. {Masek} and M. {Schwaller} and F. {Hall}},
  journal={IEEE Transactions on Geoscience and Remote Sensing},
  title={On the blending of the Landsat and MODIS surface reflectance: predicting daily Landsat surface reflectance},
  year={2006}
}
@article{STARFM_radiometric,
  author = {Roy, David and Ju, Jeong-sun},
  year = {2007},
  title = {Multi-temporal MODIS-Landsat Data Fusion for Relative Radiometric Normalization and gap Filling of Landsat Data},
  journal = {AGU Fall Meeting Abstracts}
}
@article{STARFM_heteogeneous_regions,
  author = {Zhu, Xiaolin and Chen, Jin and Gao, Feng and Chen, Xuehong and Masek, Jeffrey},
  year = {2010},
  title = {An enhanced spatial and temporal adaptive reflectance fusion model for complex heterogeneous regions},
  journal = {Remote Sensing of Environment}
}
@article{STARFM_dryland,
  author = {Walker, Jessica and de Beurs, Kirsten and Wynne, Randolph and Gao, Feng},
  year = {2011},
  title = {Evaluation of Landsat and MODIS data fusion products for analysis of dryland forest phenology},
  journal = {Remote Sensing of Environment}
}
@article{STARFM_dense_ts_generation,
  author = {Hilker, Thomas and Wulder, Michael and Coops, Nicholas and Seitz, Nicole and White, Joanne and Gao, Feng and Masek, Jeffrey and Stenhouse, Gordon},
  year = {2009},
  title = {Generation of dense time series synthetic Landsat data through data blending with MODIS using a spatial and temporal adaptive reflectance fusion model},
  journal={Remote Sensing of Environment}
}
@article{STARFM_vegetation_monitoring,
  author={F. {Gao} and T. {Hilker} and X. {Zhu} and M. {Anderson} and J. {Masek} and P. {Wang} and Y. {Yang}},
  journal={IEEE Geoscience and Remote Sensing Magazine},
  title={Fusing Landsat and MODIS Data for Vegetation Monitoring},
  year={2015}
}



%%%% DEEP GENERATIVE MODELS
@inproceedings{brock2018large,
  title={Large Scale {GAN} Training for High Fidelity Natural Image Synthesis},
  author={Andrew Brock and Jeff Donahue and Karen Simonyan},
  booktitle={International Conference on Learning Representations},
  year={2019}
}
@article{pix2pix2017,
  title={Image-to-Image Translation with Conditional Adversarial Networks},
  author={Isola, Phillip and Zhu, Jun-Yan and Zhou, Tinghui and Efros, Alexei A},
  journal={CVPR},
  year={2017}
}
@article{fuentes2019sar,
  title={Sar-to-optical image translation based on conditional generative adversarial networks—Optimization, opportunities and limits},
  author={Fuentes Reyes, Mario and Auer, Stefan and Merkle, Nina and Henry, Corentin and Schmitt, Michael},
  journal={Remote Sensing},
  year={2019}
}
@INPROCEEDINGS{grohnfeldt,
  author={C. {Grohnfeldt} and M. {Schmitt} and X. {Zhu}},
  booktitle={IGARSS 2018 - 2018 IEEE International Geoscience and Remote Sensing Symposium},
  title={A Conditional Generative Adversarial Network to Fuse Sar And Multispectral Optical Data For Cloud Removal From Sentinel-2 Images},
  year={2018}
}
@ARTICLE{wang,
  author={L. {Wang} and X. {Xu} and Y. {Yu} and R. {Yang} and R. {Gui} and Z. {Xu} and F. {Pu}},
  journal={IEEE Access},
  title={SAR-to-Optical Image Translation Using Supervised Cycle-Consistent Adversarial Networks},
  year={2019}
}
@article{zotov2019conditional,
  title={Conditional Denoising of Remote Sensing Imagery Using Cycle-Consistent Deep Generative Models},
  author={Zotov, Michael and Gamper, Jevgenij},
  journal={arXiv preprint arXiv:1910.14567},
  year={2019}
}
@article{deudon2019highres,
  title={HighRes-net: Multi-Frame Super-Resolution by Recursive Fusion},
  author={Deudon, Michel and Kalaitzis, Alfredo and Arefin, Md Rifat and Goytom, Israel and Lin, Zhichao and Sankaran, Kris and Michalski, Vincent and Kahou, Samira E and Cornebise, Julien and Bengio, Yoshua},
  year={2019},
  journal={arXiv:2002.06460}
}
@article{lanaras,
  author = {Lanaras, Charis and Bioucas-Dias, José and Galliani, Silvano and Baltsavias, Emmanuel},
  year = {2018},
  title = {Super-Resolution of Sentinel-2 Images: Learning a Globally Applicable Deep Neural Network},
  journal = {ISPRS Journal of Photogrammetry and Remote Sensing}
}
@ARTICLE{deepsum,
  author = {{Bordone Molini}, Andrea and {Valsesia}, Diego and {Fracastoro}, Giulia and {Magli}, Enrico},
  title = "{DeepSUM: Deep neural network for Super-resolution of Unregistered Multitemporal images}",
  year={2020},
  journal = {arXiv:1907.06490},
}



%%%% IMAGE QUALITY ASSESSEMENT METRICS
@article{SSIM,
  author = {Wang, Zhou and Bovik, A. C. and Sheikh, H. R. and Simoncelli, E. P.},
  title = {Image Quality Assessment: From Error Visibility to Structural Similarity},
  year = {2004},
  journal = {Trans. Img. Proc.}
}
@article{SAM,
  author = {R. H. Yuhas, A. F.H. Goetz, J. W. Boardman},
  title = {Discrimination among semi-arid landscape endmembers using the spectral angle mapper (SAM) algorithm},
  year = {1993},
  journal={The Spectral Image Processing System (SIPS)}
